@article{bib:PSet2Q5,
    author = {Geoffrey R King and Lewis N Mander and Nathaniel J T Monck and Jonathan C Morris and Hongbin Zhang},
    title = {A New and Efficient Strategy for the Total Synthesis of Polycyclic Diterpenoids: The Preparation of Gibberellins ($\pm$)-{GA}\textsubscript{103} and ($\pm$)-{GA}\textsubscript{73}},
    journal = {Journal of the American Chemical Society},
    volume = {119},
    number = {16},
    pages = {3828-3829},
    year = {1997},
    doi = {10.1021/ja963935h}
}